
    <zs:record>
      <zs:recordSchema/>
      <zs:recordPacking>xml</zs:recordPacking>
      <zs:recordData>
        <record xmlns="http://www.loc.gov/MARC21/slim">
          <leader>01351pam a2200301 a 4500</leader>
          <controlfield tag="001">2470692</controlfield>
          <controlfield tag="005">20000901144439.0</controlfield>
          <controlfield tag="008">900419r19901902enk      b    001 0deng  </controlfield>
          <datafield tag="035" ind1=" " ind2=" ">
            <subfield code="9">(DLC)   90037111</subfield>
          </datafield>
          <datafield tag="906" ind1=" " ind2=" ">
            <subfield code="a">7</subfield>
            <subfield code="b">cbc</subfield>
            <subfield code="c">orignew</subfield>
            <subfield code="d">1</subfield>
            <subfield code="e">ocip</subfield>
            <subfield code="f">19</subfield>
            <subfield code="g">y-gencatlg</subfield>
          </datafield>
          <datafield tag="955" ind1=" " ind2=" ">
            <subfield code="a">pc18 to br00 04-19-90; br27 to SCD 04-20-90; fd11 04-20-90; fn02 04-23-90; fl40 04-24-90; CIP ver. ba30 to SL 12-07-90</subfield>
          </datafield>
          <datafield tag="010" ind1=" " ind2=" ">
            <subfield code="a">   90037111 </subfield>
          </datafield>
          <datafield tag="020" ind1=" " ind2=" ">
            <subfield code="a">0859912973 (alk. paper) :</subfield>
            <subfield code="c">$94.00 (U.S.)</subfield>
          </datafield>
          <datafield tag="040" ind1=" " ind2=" ">
            <subfield code="a">DLC</subfield>
            <subfield code="c">DLC</subfield>
            <subfield code="d">DLC</subfield>
          </datafield>
          <datafield tag="043" ind1=" " ind2=" ">
            <subfield code="a">e-uk---</subfield>
          </datafield>
          <datafield tag="050" ind1="0" ind2="0">
            <subfield code="a">Z2012</subfield>
            <subfield code="b">.B19 1990</subfield>
            <subfield code="a">PR81</subfield>
          </datafield>
          <datafield tag="082" ind1="0" ind2="0">
            <subfield code="a">016.8208</subfield>
            <subfield code="2">20</subfield>
          </datafield>
          <datafield tag="100" ind1="1" ind2=" ">
            <subfield code="a">Bale, John,</subfield>
            <subfield code="d">1495-1563.</subfield>
          </datafield>
          <datafield tag="245" ind1="1" ind2="0">
            <subfield code="a">Index Britanniae scriptorum :</subfield>
            <subfield code="b">John Bale's index of British and other writers /</subfield>
            <subfield code="c">edited by Reginald Lane Poole &amp; Mary Bateson ; with an introduction by Caroline Brett and James Carley.</subfield>
          </datafield>
          <datafield tag="260" ind1=" " ind2=" ">
            <subfield code="a">Cambridge [England] ;</subfield>
            <subfield code="a">Rochesster, NY, USA :</subfield>
            <subfield code="b">D.S. Brewer,</subfield>
            <subfield code="c">1990.</subfield>
          </datafield>
          <datafield tag="300" ind1=" " ind2=" ">
            <subfield code="a">xxxvi, 579 p. ;</subfield>
            <subfield code="c">22 cm.</subfield>
          </datafield>
          <datafield tag="500" ind1=" " ind2=" ">
            <subfield code="a">Reprint, with a new introd. Orginally published: Oxford : Clarendon Press, 1902.</subfield>
          </datafield>
          <datafield tag="504" ind1=" " ind2=" ">
            <subfield code="a">Includes bibliographical references and indexes.</subfield>
          </datafield>
          <datafield tag="650" ind1=" " ind2="0">
            <subfield code="a">English literature</subfield>
            <subfield code="x">Bibliography</subfield>
            <subfield code="x">Early.</subfield>
          </datafield>
          <datafield tag="651" ind1=" " ind2="0">
            <subfield code="a">Great Britain</subfield>
            <subfield code="x">Bio-bibliography</subfield>
            <subfield code="x">Early.</subfield>
          </datafield>
          <datafield tag="700" ind1="1" ind2=" ">
            <subfield code="a">Poole, Reginald Lane,</subfield>
            <subfield code="d">1857-1939.</subfield>
          </datafield>
          <datafield tag="700" ind1="1" ind2=" ">
            <subfield code="a">Bateson, Mary,</subfield>
            <subfield code="d">1865-1906.</subfield>
          </datafield>
          <datafield tag="991" ind1=" " ind2=" ">
            <subfield code="b">c-GenColl</subfield>
            <subfield code="h">Z2012</subfield>
            <subfield code="i">.B19 1990</subfield>
            <subfield code="t">Copy 1</subfield>
            <subfield code="w">BOOKS</subfield>
          </datafield>
        </record>
      </zs:recordData>
      <zs:recordPosition>4</zs:recordPosition>
    </zs:record>