
    <zs:record>
      <zs:recordSchema/>
      <zs:recordPacking>xml</zs:recordPacking>
      <zs:recordData>
        <record xmlns="http://www.loc.gov/MARC21/slim">
          <leader>02098cam a22003251  4500</leader>
          <controlfield tag="001">7728108</controlfield>
          <controlfield tag="005">20150315140331.0</controlfield>
          <controlfield tag="008">741008s1902    xx            000 0 lat  </controlfield>
          <datafield tag="035" ind1=" " ind2=" ">
            <subfield code="9">(DLC)   03004791</subfield>
          </datafield>
          <datafield tag="906" ind1=" " ind2=" ">
            <subfield code="a">7</subfield>
            <subfield code="b">cbc</subfield>
            <subfield code="c">oclcrpl</subfield>
            <subfield code="d">u</subfield>
            <subfield code="e">ncip</subfield>
            <subfield code="f">19</subfield>
            <subfield code="g">y-gencatlg</subfield>
          </datafield>
          <datafield tag="010" ind1=" " ind2=" ">
            <subfield code="a">   03004791 </subfield>
          </datafield>
          <datafield tag="035" ind1=" " ind2=" ">
            <subfield code="a">(OCoLC)1035146</subfield>
          </datafield>
          <datafield tag="040" ind1=" " ind2=" ">
            <subfield code="a">DLC</subfield>
            <subfield code="c">PPT</subfield>
            <subfield code="d">DLC</subfield>
          </datafield>
          <datafield tag="041" ind1="0" ind2=" ">
            <subfield code="a">lateng</subfield>
          </datafield>
          <datafield tag="042" ind1=" " ind2=" ">
            <subfield code="a">premarc</subfield>
          </datafield>
          <datafield tag="050" ind1="0" ind2="0">
            <subfield code="a">AC9</subfield>
            <subfield code="b">.A6 4th ser., pt. 9</subfield>
          </datafield>
          <datafield tag="051" ind1=" " ind2=" ">
            <subfield code="a">Z2012</subfield>
            <subfield code="b">.B19</subfield>
          </datafield>
          <datafield tag="100" ind1="1" ind2=" ">
            <subfield code="a">Bale, John,</subfield>
            <subfield code="d">1495-1563.</subfield>
          </datafield>
          <datafield tag="245" ind1="1" ind2="0">
            <subfield code="a">Index Britanniae scriptorum quos ex variis bibliothecis non parvo labore collegit Ioannes Baleus, cum aliis,</subfield>
            <subfield code="b">John Bale's Index of British and other writers;</subfield>
            <subfield code="c">ed. by Reginald Lane Poole ... with the help of Mary Bateson.</subfield>
          </datafield>
          <datafield tag="260" ind1=" " ind2=" ">
            <subfield code="a">Oxford,</subfield>
            <subfield code="b">Clarendon press,</subfield>
            <subfield code="c">1902.</subfield>
          </datafield>
          <datafield tag="300" ind1=" " ind2=" ">
            <subfield code="a">xxxvi, 579, [1] p.</subfield>
            <subfield code="c">23 x 21 cm.</subfield>
          </datafield>
          <datafield tag="440" ind1=" " ind2="0">
            <subfield code="a">Anecdota oxoniensia. Mediaeval and modern series,</subfield>
            <subfield code="v">pt. ix.</subfield>
          </datafield>
          <datafield tag="500" ind1=" " ind2=" ">
            <subfield code="a">"John Bale's autograph notebook, preserved among Selden's manuscripts in the Bodleian library ... A carefully planned catalogue ... difering from Bale's published Catalogues [Illustrium maioris Britanniae scriptorum summarium [1548] and Scriptorum illustrium maioris Brytannie Catalogus 1557-1559] ... First, it is arranged alphabetically, not chronologically. Secondly, by far the greater number of the articles are followed by a reference to the authority or source from which their matter is derived ... This notebook ... bears no title ... I have adopted the title Index Britanniae scriptorum."--Pref.</subfield>
          </datafield>
          <datafield tag="505" ind1="0" ind2=" ">
            <subfield code="a">List of some works cited.--Index Britanniae scriptorum.--Appendix: I. Scriptores anonymi. II. Libri anonymi. III. Chronica. IV. Collectanea. V. Ex bibliothecis. VI. De collegio Martonensi viri eruditi.--Cognomina auctorum.--Tituli operum.--Fontes.--Addenda et corrigenda.</subfield>
          </datafield>
          <datafield tag="650" ind1=" " ind2="0">
            <subfield code="a">English literature</subfield>
            <subfield code="x">Bibliography</subfield>
            <subfield code="x">Early.</subfield>
          </datafield>
          <datafield tag="651" ind1=" " ind2="0">
            <subfield code="a">Great Britain</subfield>
            <subfield code="x">Bio-bibliography.</subfield>
          </datafield>
          <datafield tag="700" ind1="1" ind2=" ">
            <subfield code="a">Poole, Reginald Lane,</subfield>
            <subfield code="d">1857-1939,</subfield>
            <subfield code="e">ed.</subfield>
          </datafield>
          <datafield tag="700" ind1="1" ind2=" ">
            <subfield code="a">Bateson, Mary,</subfield>
            <subfield code="d">1865-1906.</subfield>
          </datafield>
          <datafield tag="985" ind1=" " ind2=" ">
            <subfield code="e">OCLC REPLACEMENT cdsdistr</subfield>
          </datafield>
          <datafield tag="991" ind1=" " ind2=" ">
            <subfield code="b">c-GenColl</subfield>
            <subfield code="h">AC9</subfield>
            <subfield code="i">.A6 4th ser., pt. 9</subfield>
            <subfield code="t">Copy 1</subfield>
            <subfield code="w">OCLCREP</subfield>
          </datafield>
        </record>
      </zs:recordData>
      <zs:recordPosition>5</zs:recordPosition>
    </zs:record>