
    <zs:record>
      <zs:recordSchema/>
      <zs:recordPacking>xml</zs:recordPacking>
      <zs:recordData>
        <record xmlns="http://www.loc.gov/MARC21/slim">
          <leader>01343cas a22003251| 4500</leader>
          <controlfield tag="001">9602307</controlfield>
          <controlfield tag="005">20060512092442.0</controlfield>
          <controlfield tag="008">840308s1903    enk  |||||||||||| ||lat| </controlfield>
          <datafield tag="035" ind1=" " ind2=" ">
            <subfield code="9">(DLC)   03011913</subfield>
          </datafield>
          <datafield tag="906" ind1=" " ind2=" ">
            <subfield code="a">7</subfield>
            <subfield code="b">cbc</subfield>
            <subfield code="c">oclcrpl</subfield>
            <subfield code="d">u</subfield>
            <subfield code="e">ncip</subfield>
            <subfield code="f">19</subfield>
            <subfield code="g">y-gencatlg</subfield>
          </datafield>
          <datafield tag="010" ind1=" " ind2=" ">
            <subfield code="a">   03011913 </subfield>
          </datafield>
          <datafield tag="035" ind1=" " ind2=" ">
            <subfield code="a">(OCoLC)10500422</subfield>
          </datafield>
          <datafield tag="040" ind1=" " ind2=" ">
            <subfield code="a">DLC</subfield>
            <subfield code="c">CoU</subfield>
            <subfield code="d">CoU</subfield>
            <subfield code="d">DLC</subfield>
          </datafield>
          <datafield tag="041" ind1="0" ind2=" ">
            <subfield code="a">latengfre</subfield>
          </datafield>
          <datafield tag="050" ind1="0" ind2="0">
            <subfield code="a">DA690</subfield>
            <subfield code="b">.C19</subfield>
          </datafield>
          <datafield tag="100" ind1="1" ind2=" ">
            <subfield code="a">Bateson, Mary,</subfield>
            <subfield code="d">1865-1906,</subfield>
            <subfield code="e">ed.</subfield>
          </datafield>
          <datafield tag="245" ind1="1" ind2="0">
            <subfield code="a">Cambridge gild records;</subfield>
            <subfield code="c">ed. by Mary Bateson ... with a preface by William Cunningham.</subfield>
          </datafield>
          <datafield tag="260" ind1=" " ind2=" ">
            <subfield code="a">Cambridge,</subfield>
            <subfield code="b">Printed for the Cambridge antiquarian society,</subfield>
            <subfield code="b">sold by Deighton, Bell &amp; co.; [etc.,etc.]</subfield>
            <subfield code="c">1903.</subfield>
          </datafield>
          <datafield tag="300" ind1=" " ind2=" ">
            <subfield code="a">xxxvii, [1], 176, [4] p.</subfield>
            <subfield code="c">23 cm.</subfield>
          </datafield>
          <datafield tag="310" ind1=" " ind2=" ">
            <subfield code="a">Series entry</subfield>
          </datafield>
          <datafield tag="490" ind1="0" ind2=" ">
            <subfield code="a">[Cambridge antiquarian society. publications: octavo series ;</subfield>
            <subfield code="v">no. xxxix]</subfield>
          </datafield>
          <datafield tag="500" ind1=" " ind2=" ">
            <subfield code="a">The records are in Latin, with English notes; the selections from mss., in Appendix I are in English, Latin, and French.</subfield>
          </datafield>
          <datafield tag="590" ind1=" " ind2=" ">
            <subfield code="a">PREMARC/SERLOC merged record</subfield>
          </datafield>
          <datafield tag="650" ind1=" " ind2="0">
            <subfield code="a">Guilds</subfield>
            <subfield code="z">England</subfield>
            <subfield code="z">Cambridge.</subfield>
          </datafield>
          <datafield tag="700" ind1="1" ind2=" ">
            <subfield code="a">Cunningham, W.</subfield>
            <subfield code="q">(William),</subfield>
            <subfield code="d">1849-1919.</subfield>
          </datafield>
          <datafield tag="890" ind1=" " ind2=" ">
            <subfield code="a">Cambridge antiquarian society.  Publications.  Octavo series.</subfield>
            <subfield code="i">sv90-55885</subfield>
          </datafield>
          <datafield tag="920" ind1=" " ind2=" ">
            <subfield code="a">Keep 2</subfield>
          </datafield>
          <datafield tag="985" ind1=" " ind2=" ">
            <subfield code="e">OCLC REPLACEMENT</subfield>
          </datafield>
          <datafield tag="991" ind1=" " ind2=" ">
            <subfield code="b">c-GenColl</subfield>
            <subfield code="h">DA690</subfield>
            <subfield code="i">.C19</subfield>
            <subfield code="t">Copy 1</subfield>
            <subfield code="w">OCLCREP</subfield>
          </datafield>
          <datafield tag="992" ind1=" " ind2=" ">
            <subfield code="b">call x7-5305</subfield>
            <subfield code="h">DA690.C19</subfield>
            <subfield code="w">SERLOC</subfield>
          </datafield>
        </record>
      </zs:recordData>
      <zs:recordPosition>7</zs:recordPosition>
    </zs:record>