
    <zs:record>
      <zs:recordSchema/>
      <zs:recordPacking>xml</zs:recordPacking>
      <zs:recordData>
        <record xmlns="http://www.loc.gov/MARC21/slim">
          <leader>01175cam a2200277 a 4500</leader>
          <controlfield tag="001">12334441</controlfield>
          <controlfield tag="005">20141009085959.0</controlfield>
          <controlfield tag="008">010305r20011989nyu      b    000 0ceng  </controlfield>
          <datafield tag="906" ind1=" " ind2=" ">
            <subfield code="a">7</subfield>
            <subfield code="b">cbc</subfield>
            <subfield code="c">orignew</subfield>
            <subfield code="d">1</subfield>
            <subfield code="e">ocip</subfield>
            <subfield code="f">20</subfield>
            <subfield code="g">y-gencatlg</subfield>
          </datafield>
          <datafield tag="925" ind1="0" ind2=" ">
            <subfield code="a">acquire</subfield>
            <subfield code="b">2 shelf copies</subfield>
            <subfield code="x">policy default</subfield>
          </datafield>
          <datafield tag="955" ind1=" " ind2=" ">
            <subfield code="a">RUSH to SSCD pc05 03-05-01; to PSSA 03-16-01; sf07 03-16-01; sf09 03-19-01; sf04; to Dewey 03-19-01; aa20 03-20-01; CIP ver. ta06; to SL 04-26-01; to BCCD 06-16-01</subfield>
          </datafield>
          <datafield tag="010" ind1=" " ind2=" ">
            <subfield code="a">  2001023731</subfield>
          </datafield>
          <datafield tag="020" ind1=" " ind2=" ">
            <subfield code="a">0802138047</subfield>
          </datafield>
          <datafield tag="040" ind1=" " ind2=" ">
            <subfield code="a">DLC</subfield>
            <subfield code="c">DLC</subfield>
            <subfield code="d">DLC</subfield>
          </datafield>
          <datafield tag="050" ind1="0" ind2="0">
            <subfield code="a">HQ1233</subfield>
            <subfield code="b">.B38 2001</subfield>
          </datafield>
          <datafield tag="082" ind1="0" ind2="0">
            <subfield code="a">305.4/092/2</subfield>
            <subfield code="2">21</subfield>
          </datafield>
          <datafield tag="100" ind1="1" ind2=" ">
            <subfield code="a">Bateson, Mary Catherine.</subfield>
          </datafield>
          <datafield tag="245" ind1="1" ind2="0">
            <subfield code="a">Composing a life /</subfield>
            <subfield code="c">Mary Catherine Bateson.</subfield>
          </datafield>
          <datafield tag="250" ind1=" " ind2=" ">
            <subfield code="a">1st Grove Press ed.</subfield>
          </datafield>
          <datafield tag="260" ind1=" " ind2=" ">
            <subfield code="a">New York :</subfield>
            <subfield code="b">Grove Press :</subfield>
            <subfield code="b">Distributed by Publishers Group West,</subfield>
            <subfield code="c">[2001].</subfield>
          </datafield>
          <datafield tag="300" ind1=" " ind2=" ">
            <subfield code="a">xiv, 241 p. ;</subfield>
            <subfield code="c">20 cm.</subfield>
          </datafield>
          <datafield tag="500" ind1=" " ind2=" ">
            <subfield code="a">Originally published: New York : Plume, 1989.</subfield>
          </datafield>
          <datafield tag="504" ind1=" " ind2=" ">
            <subfield code="a">Includes bibliographical references.</subfield>
          </datafield>
          <datafield tag="650" ind1=" " ind2="0">
            <subfield code="a">Women intellectuals</subfield>
            <subfield code="z">United States</subfield>
            <subfield code="v">Biography.</subfield>
          </datafield>
          <datafield tag="650" ind1=" " ind2="0">
            <subfield code="a">Women's studies</subfield>
            <subfield code="x">Biographical methods.</subfield>
          </datafield>
          <datafield tag="856" ind1="4" ind2="2">
            <subfield code="3">Publisher description</subfield>
            <subfield code="u">http://www.loc.gov/catdir/enhancements/fy1413/2001023731-d.html</subfield>
          </datafield>
        </record>
      </zs:recordData>
      <zs:recordPosition>16</zs:recordPosition>
    </zs:record>