
    <zs:record>
      <zs:recordSchema/>
      <zs:recordPacking>xml</zs:recordPacking>
      <zs:recordData>
        <record xmlns="http://www.loc.gov/MARC21/slim">
          <leader>01345cam a22003131  4500</leader>
          <controlfield tag="001">10333222</controlfield>
          <controlfield tag="005">20061010102622.0</controlfield>
          <controlfield tag="008">720512s1964    ne a     b    100 0 eng  </controlfield>
          <datafield tag="906" ind1=" " ind2=" ">
            <subfield code="a">7</subfield>
            <subfield code="b">cbc</subfield>
            <subfield code="c">oclcrpl</subfield>
            <subfield code="d">u</subfield>
            <subfield code="e">ncip</subfield>
            <subfield code="f">19</subfield>
            <subfield code="g">y-gencatlg</subfield>
          </datafield>
          <datafield tag="035" ind1=" " ind2=" ">
            <subfield code="9">(DLC)   65005802</subfield>
          </datafield>
          <datafield tag="010" ind1=" " ind2=" ">
            <subfield code="a">   65005802 </subfield>
          </datafield>
          <datafield tag="035" ind1=" " ind2=" ">
            <subfield code="a">(OCoLC)307146</subfield>
          </datafield>
          <datafield tag="040" ind1=" " ind2=" ">
            <subfield code="a">DLC</subfield>
            <subfield code="c">ODaWU</subfield>
            <subfield code="d">OCoLC</subfield>
            <subfield code="d">DLC</subfield>
          </datafield>
          <datafield tag="042" ind1=" " ind2=" ">
            <subfield code="a">premarc</subfield>
          </datafield>
          <datafield tag="050" ind1="0" ind2="0">
            <subfield code="a">P87</subfield>
            <subfield code="b">.I5</subfield>
          </datafield>
          <datafield tag="111" ind1="2" ind2=" ">
            <subfield code="a">Indiana University Conference on Paralinguistics and Kinesics</subfield>
            <subfield code="d">(1962)</subfield>
          </datafield>
          <datafield tag="245" ind1="1" ind2="0">
            <subfield code="a">Approaches to semiotics:</subfield>
            <subfield code="b">cultural anthropology, education, linguistics, psychiatry, psychology; transactions.</subfield>
            <subfield code="c">Edited by Thomas A. Sebeok, Alfred S. Hayes [and] Mary Catherine Bateson.</subfield>
          </datafield>
          <datafield tag="260" ind1=" " ind2=" ">
            <subfield code="a">The Hague,</subfield>
            <subfield code="b">Mouton,</subfield>
            <subfield code="c">1964.</subfield>
          </datafield>
          <datafield tag="300" ind1=" " ind2=" ">
            <subfield code="a">294 p.</subfield>
            <subfield code="b">illus.</subfield>
            <subfield code="c">27 cm.</subfield>
          </datafield>
          <datafield tag="440" ind1=" " ind2="0">
            <subfield code="a">Janua linguarum.</subfield>
            <subfield code="p">Series maior,</subfield>
            <subfield code="v">15</subfield>
          </datafield>
          <datafield tag="500" ind1=" " ind2=" ">
            <subfield code="a">"Sponsored by the Indiana University Research Center in Anthropology, Folklore, and Linguistics."</subfield>
          </datafield>
          <datafield tag="504" ind1=" " ind2=" ">
            <subfield code="a">Includes bibliographies.</subfield>
          </datafield>
          <datafield tag="650" ind1=" " ind2="0">
            <subfield code="a">Communication</subfield>
            <subfield code="v">Congresses.</subfield>
          </datafield>
          <datafield tag="700" ind1="1" ind2=" ">
            <subfield code="a">Sebeok, Thomas A.</subfield>
            <subfield code="q">(Thomas Albert),</subfield>
            <subfield code="d">1920-2001,</subfield>
            <subfield code="e">ed.</subfield>
          </datafield>
          <datafield tag="700" ind1="1" ind2=" ">
            <subfield code="a">Hayes, Alfred S.,</subfield>
            <subfield code="e">ed.</subfield>
          </datafield>
          <datafield tag="700" ind1="1" ind2=" ">
            <subfield code="a">Bateson, Mary Catherine,</subfield>
            <subfield code="e">ed.</subfield>
          </datafield>
          <datafield tag="710" ind1="2" ind2=" ">
            <subfield code="a">Indiana University.</subfield>
            <subfield code="b">Research Center in Anthropology, Folklore, and Linguistics.</subfield>
          </datafield>
          <datafield tag="985" ind1=" " ind2=" ">
            <subfield code="e">OCLC REPLACEMENT cdsdistr</subfield>
          </datafield>
          <datafield tag="991" ind1=" " ind2=" ">
            <subfield code="b">c-GenColl</subfield>
            <subfield code="h">P87</subfield>
            <subfield code="i">.I5</subfield>
            <subfield code="p">00005002862</subfield>
            <subfield code="t">Copy 1</subfield>
            <subfield code="w">OCLCREP</subfield>
          </datafield>
        </record>
      </zs:recordData>
      <zs:recordPosition>34</zs:recordPosition>
    </zs:record>