
    <zs:record>
      <zs:recordSchema/>
      <zs:recordPacking>xml</zs:recordPacking>
      <zs:recordData>
        <record xmlns="http://www.loc.gov/MARC21/slim">
          <leader>01042cam a22002771  4500</leader>
          <controlfield tag="001">7275623</controlfield>
          <controlfield tag="005">20020522140603.0</controlfield>
          <controlfield tag="008">770405s1898    enkh     c    000 0 eng  </controlfield>
          <datafield tag="035" ind1=" " ind2=" ">
            <subfield code="9">(DLC)   07016529</subfield>
          </datafield>
          <datafield tag="906" ind1=" " ind2=" ">
            <subfield code="a">7</subfield>
            <subfield code="b">cbc</subfield>
            <subfield code="c">oclcrpl</subfield>
            <subfield code="d">u</subfield>
            <subfield code="e">ncip</subfield>
            <subfield code="f">19</subfield>
            <subfield code="g">y-gencatlg</subfield>
          </datafield>
          <datafield tag="010" ind1=" " ind2=" ">
            <subfield code="a">   07016529 </subfield>
          </datafield>
          <datafield tag="035" ind1=" " ind2=" ">
            <subfield code="a">(OCoLC)2860866</subfield>
          </datafield>
          <datafield tag="040" ind1=" " ind2=" ">
            <subfield code="a">DLC</subfield>
            <subfield code="c">GU</subfield>
            <subfield code="d">GU</subfield>
            <subfield code="d">DLC</subfield>
          </datafield>
          <datafield tag="050" ind1="0" ind2="0">
            <subfield code="a">Z6621</subfield>
            <subfield code="b">.S99</subfield>
          </datafield>
          <datafield tag="082" ind1=" " ind2=" ">
            <subfield code="a">016.091</subfield>
          </datafield>
          <datafield tag="110" ind1="2" ind2=" ">
            <subfield code="a">Syon Abbey (Isleworth, London, England)</subfield>
          </datafield>
          <datafield tag="245" ind1="0" ind2="0">
            <subfield code="a">Catalogue of the library of Syon monastery, Isleworth.</subfield>
            <subfield code="c">Edited by Mary Bateson.</subfield>
          </datafield>
          <datafield tag="260" ind1=" " ind2=" ">
            <subfield code="a">Cambridge [Eng.]</subfield>
            <subfield code="b">The University press,</subfield>
            <subfield code="c">1898.</subfield>
          </datafield>
          <datafield tag="300" ind1=" " ind2=" ">
            <subfield code="a">xxx, 262 p.</subfield>
            <subfield code="b">fold. facsim.</subfield>
            <subfield code="c">23cm.</subfield>
          </datafield>
          <datafield tag="500" ind1=" " ind2=" ">
            <subfield code="a">Edited from a 16th century manuscript in Corpus Christi college, Cambridge.</subfield>
          </datafield>
          <datafield tag="650" ind1=" " ind2="0">
            <subfield code="a">Libraries</subfield>
            <subfield code="x">History</subfield>
            <subfield code="y">Medieval.</subfield>
          </datafield>
          <datafield tag="650" ind1=" " ind2="0">
            <subfield code="a">Manuscripts</subfield>
            <subfield code="z">Great Britain</subfield>
            <subfield code="x">Catalogs.</subfield>
          </datafield>
          <datafield tag="700" ind1="1" ind2=" ">
            <subfield code="a">Bateson, Mary,</subfield>
            <subfield code="d">1865-1906,</subfield>
            <subfield code="e">ed.</subfield>
          </datafield>
          <datafield tag="710" ind1="1" ind2=" ">
            <subfield code="a">Cambridge.</subfield>
            <subfield code="b">University.</subfield>
            <subfield code="b">Corpus Christi College.</subfield>
            <subfield code="b">Library.</subfield>
            <subfield code="k">Ms. 141.</subfield>
          </datafield>
          <datafield tag="985" ind1=" " ind2=" ">
            <subfield code="e">OCLC REPLACEMENT</subfield>
          </datafield>
          <datafield tag="991" ind1=" " ind2=" ">
            <subfield code="b">c-GenColl</subfield>
            <subfield code="h">Z6621</subfield>
            <subfield code="i">.S99</subfield>
            <subfield code="t">Copy 1</subfield>
            <subfield code="w">OCLCREP</subfield>
          </datafield>
        </record>
      </zs:recordData>
      <zs:recordPosition>37</zs:recordPosition>
    </zs:record>